@misc{prometheus_node_exporter,
  author       = {The Prometheus Authors},
  title        = {node\_exporter},
  howpublished = {\url{https://github.com/prometheus/node_exporter}},
  note         = {Accessed: [Date Accessed]}
}

@misc{ping_utility,
  author       = {Van Jacobson},
  title        = {ping},
  note         = {A network administration utility used to test the reachability of a host on an Internet Protocol (IP) network.},
  howpublished = {\url{https://en.wikipedia.org/wiki/Ping_(networking_utility)}},
  note         = {Accessed: [Date Accessed]}
}

@misc{iproute2,
  author       = {{iproute2 developers}},
  title        = {iproute2},
  note         = {A collection of utilities for controlling TCP/IP networking and traffic control in Linux.},
  howpublished = {\url{https://wiki.linuxfoundation.org/networking/iproute2}},
  urldate      = {2023-11-04}
}

@misc{apachestorm,
  author  = {{The Apache Software Foundation}},
  title   = {Apache Storm},
  url     = {https://storm.apache.org/},
  urldate = {2025-04-12}
}

@misc{rivery_batch_vs_stream,
  author       = {Rivery},
  title        = {Batch vs Stream Processing: Pros and Cons},
  howpublished = {\url{https://rivery.io/blog/batch-vs-stream-processing-pros-and-cons-2/}},
  urldate      = {2025-04-12}
}

@misc{docker,
  author  = {{Docker, Inc.}},
  title   = {Docker: Build, Ship, and Run Any App, Anywhere},
  url     = {https://docs.docker.com/},
  urldate = {2025-04-12}
}

@misc{opencontainerinitiative,
  author  = {{Open Container Initiative (OCI)}},
  title   = {Open Container Initiative (OCI)},
  url     = {https://opencontainers.org/},
  urldate = {2025-04-12}
}

@misc{linuxfoundation,
  author  = {{Linux Foundation}},
  title   = {Linux Foundation},
  url     = {https://www.linuxfoundation.org/},
  urldate = {2025-04-12}
}